<?xml version="1.0" encoding="UTF-8"?><collection xmlns="http://www.loc.gov/MARC21/slim"><record><leader>00363nam--2200109-i-4500</leader><controlfield tag="001">000050107</controlfield><controlfield tag="002">20161230</controlfield><controlfield tag="005">20161230201048</controlfield><controlfield tag="008">060222s1000------------r-----000-0-eng-d</controlfield><datafield ind1=" " ind2=" " tag="245"><subfield code="a">Raccolta delle comunicazioni presentate al congressino annuale dell`instituto nazionale di fisica nucleare. frascati, 6-9 mag., 1963</subfield></datafield><datafield ind1=" " ind2=" " tag="260"><subfield code="a">Roma, C.N.E.N., 1963, 260p</subfield></datafield><datafield ind1=" " ind2=" " tag="852"><subfield code="a">19639</subfield></datafield></record></collection>